@Article{WikiBG,
author = {Wikipedia},
title = {Backgammon},
journal = {\tt https://en.wikipedia.org/wiki/Backgammon},
OPTkey = {•},
OPTvolume = {•},
OPTnumber = {•},
OPTpages = {•},
OPTmonth = {•},
OPTnote = {•},
OPTannote = {•}
}

@Article{Palamedes,
author = {Nikolaos Papahristou},
title = {Palamedes},
journal = {\tt http://ai.uom.gr/nikpapa/Palamedes/},
OPTkey = {•},
OPTvolume = {•},
OPTnumber = {•},
OPTpages = {•},
OPTmonth = {•},
OPTnote = {•},
OPTannote = {•}
}


@Article{WikiPlakoto,
author = {Wikipedia},
title = {Plakoto},
journal = {\tt https://en.wikipedia.org/wiki/Plakoto},
OPTkey = {•},
OPTvolume = {•},
OPTnumber = {•},
OPTpages = {•},
OPTmonth = {•},
OPTnote = {•},
OPTannote = {•}
}

@article{Berliner,
 author = {Berliner, Hans},
 title = {Backgammon Program Beats World Champ},
 journal = {SIGART Bull.},
 issue_date = {January 1980},
 number = {69},
 month = jan,
 year = {1980},
 issn = {0163-5719},
 pages = {6--9},
 numpages = {4},
 url = {http://doi.acm.org/10.1145/1056433.1056434},
 doi = {10.1145/1056433.1056434},
 acmid = {1056434},
 publisher = {ACM},
 address = {New York, NY, USA},
} 



@article{TDGammon2,
 author = {Tesauro, Gerald},
 title = {TD-Gammon, a Self-Teaching Backgammon Program, Achieves Master-Level Play},
 journal = {Neural Computation},
 issue_date = {1994/03/01},
 volume = {6},
 number = {2},
 month = mar,
 year = {1994},
 
 

 url = {http://dx.doi.org/10.1162/neco.1994.6.2.215},
 doi = {doi: 10.1162/neco.1994.6.2.215},

 publisher = {MIT Press},

} 

@article{NeuroG,
 author = {Tesauro, Gerald},
 title = {Neurogammon Wins Computer Olympiad},
 journal = {Neural Computation},
 issue_date = {1989/09/01},
 volume = {1},
 number = {3},
 month = sep,
 year = {1989},
 
 

 url = {http://dx.doi.org/10.1162/neco.1989.1.3.321},
 doi = {10.1162/neco.1989.1.3.321},

 publisher = {MIT Press},

} 

@Article{WikiN,
author = {Wikipedia},
title = {Backgammon notation},
journal = {\tt https://en.wikipedia.org/wiki/Backgammon\_notation},
OPTkey = {•},
OPTvolume = {•},
OPTnumber = {•},
OPTpages = {•},
OPTmonth = {•},
OPTnote = {•},
OPTannote = {•}
}

@Article{GnuBG,
title = {GNU Backgammon},
journal = {\tt http://www.gnubg.org/},
OPTkey = {•},
OPTvolume = {•},
OPTnumber = {•},
OPTpages = {•},
OPTmonth = {•},
OPTnote = {•},
OPTannote = {•}
}

@article{TDGammon,
 author = {Tesauro, Gerald},
 title = {Temporal Difference Learning and TD-Gammon},
 journal = {Commun. ACM},
 issue_date = {March 1995},
 volume = {38},
 number = {3},
 month = mar,
 year = {1995},
 issn = {0001-0782},
 pages = {58--68},
 numpages = {11},
 url = {http://doi.acm.org/10.1145/203330.203343},
 doi = {10.1145/203330.203343},
 acmid = {203343},
 publisher = {ACM},
 address = {New York, NY, USA},
} 


